@article{einstein,
    author = "Albert Einstein",
    title = "{Zur Elektrodynamik bewegter K{\"o}rper}. ({German})
    [{On} the electrodynamics of moving bodies]",
    journal = "Annalen der Physik",
    volume = "322",
    number = "10",
    pages = "891--921",
    year = "1905",
    DOI = "http://dx.doi.org/10.1002/andp.19053221004",
    keywords = "physics"
}
 
@book{dirac,
    title = {The Principles of Quantum Mechanics},
    author = {Paul Adrien Maurice Dirac},
    isbn = {9780198520115},
    series = {International series of monographs on physics},
    year = {1981},
    publisher = {Clarendon Press},
    keywords = {physics}
}
 
@online{knuthwebsite,
    author = "Donald Knuth",
    title = "Knuth: Computers and Typesetting",
    url  = "http://www-cs-faculty.stanford.edu/~uno/abcde.html",
    addendum = "(accessed: 01.09.2016)",
    keywords = "latex,knuth"
}
 
@inbook{knuth-fa,
    author = "Donald E. Knuth",
    title = "Fundamental Algorithms",
    publisher = "Addison-Wesley",
    year = "1973",
    chapter = "1.2",
    keywords  = "knuth,programming"
}

@manual{ur5_battery_manual,
  title = {UR Robots with Battery Supply Installation guide},
  year = {2015},
  organization = {Universal Robots A/S },
  revision = {2.0.1},
  url = {https://s3-eu-west-1.amazonaws.com/ur-support-site/99858/CB3_UR_RobotWithBatterySupplyInstallationGuideCB3_V2_0_1.pdf},
  urldate = {2023-04-19}
}


@online{clearpath_husky_website,
    author = "Clearpath Robotics Inc",
    title = "Husky - UNMANNED GROUND VEHICLE",
    url  = "https://clearpathrobotics.com/husky-unmanned-ground-vehicle-robot/",
    addendum = "(accessed: 16.04.2023)",
    keywords = "clearpath,husky"
}

@online{interbotix_vx300,
    author = "Trossen Robotics ",
    title = "ViperX 300 Robot Arm",
    url  = "https://www.trossenrobotics.com/viperx-300-robot-arm.aspx",
    addendum = "(accessed: 19.04.2023)",
    keywords = "trossen,vx300"
}

@online{ur5_img,
    author = "LTS Maskin AS",
    title = "UR5 Universal Robots ",
    url  = "https://www.ltsmaskin.no/products/universal-robots-ur5",
    addendum = "(accessed: 16.04.2023)",
    keywords = "universal robots, ur5"
}

@misc{https://doi.org/10.48550/arxiv.1711.06396,
  doi = {10.48550/ARXIV.1711.06396},
  
  url = {https://arxiv.org/abs/1711.06396},
  
  author = {Zhou, Yin and Tuzel, Oncel},
  
  keywords = {Computer Vision and Pattern Recognition (cs.CV), FOS: Computer and information sciences, FOS: Computer and information sciences},
  
  title = {VoxelNet: End-to-End Learning for Point Cloud Based 3D Object Detection},
  
  publisher = {arXiv},
  
  year = {2017},
  
  copyright = {arXiv.org perpetual, non-exclusive license}
}
